
@article{young,
	title = {Channeling Fisher: Randomization Tests and the Statistical Insignificance of Seemingly Significant Experimental Results},
	journal = {Quarterly Journal of Economics},
	author = {Alwin Young},
	volume={134},
	year = {2019}
}

@article{kowalski,
	title = {How to Examine External Validity
Within an Experiment},
	journal = {NBER Working Paper 24834},
	author = {Amanda Kowalski},
	year = {2019}
}


@article{hagemann,
	title = {Placebo inference on treatment effects when the number of clusters is small},
	journal = {Journal of Econometrics},
	author = {Andreas Hagemann},
	year = {2019},
	volume={213},
	number={1}
}


@article{Cameron,
	title = {Bootstrap-Based Improvements for Inference with Clustered Errors},
	journal = {The Review of Economics and Statistics},
	author = {A. Colin Cameron and Jonah B. Gelbach and Douglas L. Miller},
	volume={90},
	number={3},
	year = {2008}
}

@article{Anderson,
	title = {Multiple Inference and Gender Differences in the Effects of Early Intervention: A Reevaluation of the Abecedarian, Perry Preschool, and Early Training Projects},
	journal = {JASA},
	author = {Michael Anderson},
	volume={103},
	number={484},
	year = {2008}
}
